@inproceedings{Tazaki13,
author = {Tazaki, Hajime and Urbani, Frederic and Mancini, Emilio and Lacage, Mathieu and Camara, Daniel and Turletti, Thierry and Dabbous, Walid},
title = {Direct Code Execution: Revisiting Library OS Architecture for Reproducible Network Experiments},
year = {2013},
isbn = {9781450321013},
publisher = {Association for Computing Machinery},
address = {New York, NY, USA},
url = {https://doi.org/10.1145/2535372.2535374},
doi = {10.1145/2535372.2535374},
booktitle = {Proceedings of the Ninth ACM Conference on Emerging Networking Experiments and Technologies},
pages = {217--228},
numpages = {12},
keywords = {software development, network stack, experimentation, linux, simulation, emulation, direct code execution},
location = {Santa Barbara, California, USA},
series = {CoNEXT '13}
}

@inproceedings{one,
 author = {Ker\"{a}nen, Ari and Ott, J\"{o}rg and K\"{a}rkk\"{a}inen, Teemu},
 title = {The ONE Simulator for DTN Protocol Evaluation},
 booktitle = {Proceedings of the 2Nd International Conference on Simulation Tools and Techniques},
 series = {Simutools '09},
 year = {2009},
 isbn = {978-963-9799-45-5},
 location = {Rome, Italy},
 pages = {55:1--55:10},
 articleno = {55},
 numpages = {10},
 url = {http://dx.doi.org/10.4108/ICST.SIMUTOOLS2009.5674},
 doi = {10.4108/ICST.SIMUTOOLS2009.5674},
 acmid = {1537683},
 publisher = {ICST (Institute for Computer Sciences, Social-Informatics and Telecommunications Engineering)},
 address = {ICST, Brussels, Belgium, Belgium},
 keywords = {delay-tolerant networking, routing, simulations},
} 

@article{Wang:2011:LTP:2042947.2042952,
 author = {Wang, Ruhai and Burleigh, Scott C. and Parikh, Paavan and Lin, Che-Jen and Sun, Bo},
 title = {Licklider Transmission Protocol (LTP)-based DTN for Cislunar Communications},
 journal = {IEEE/ACM Trans. Netw.},
 issue_date = {April 2011},
 volume = {19},
 number = {2},
 month = apr,
 year = {2011},
 issn = {1063-6692},
 pages = {359--368},
 numpages = {10},
 url = {http://dx.doi.org/10.1109/TNET.2010.2060733},
 doi = {10.1109/TNET.2010.2060733},
 acmid = {2042952},
 publisher = {IEEE Press},
 address = {Piscataway, NJ, USA},
 keywords = {bundle protocol (BP), delay-tolerant networking (DTN), interplanetary internet (IPN), licklider transmission protocol convergence layer (LTPCL), satellite communications, transmission control protocol convergence layer (TCPCL)},
} 

@inproceedings{omnet,
 author = {Helgason, \'{O}lafur Ragnar and J\'{o}nsson, Kristj\'{a}n Valur},
 title = {Opportunistic Networking in OMNeT++},
 booktitle = {Proceedings of the 1st International Conference on Simulation Tools and Techniques for Communications, Networks and Systems \& Workshops},
 series = {Simutools '08},
 year = {2008},
 isbn = {978-963-9799-20-2},
 location = {Marseille, France},
 pages = {82:1--82:8},
 articleno = {82},
 numpages = {8},
 url = {http://dl.acm.org/citation.cfm?id=1416222.1416315},
 acmid = {1416315},
 publisher = {ICST (Institute for Computer Sciences, Social-Informatics and Telecommunications Engineering)},
 address = {ICST, Brussels, Belgium, Belgium},
 keywords = {DTN, OMNeT++, mobility, opportunistic networking, simulation},
} 

@misc{ltplib,
  key = "Validation-impl1",
  title = "LTPlib documentation and test",
  note  = "http://dtn.dsg.cs.tcd.ie/sft/ltplib/"
}

@misc{ltpri,
  key = "Validation-impl2",
  title = "LTP-RI Specification and Implementation",
  note  = "http://irg.cs.ohiou.edu/ocp/ltp.html"
}

@misc{ion,
  key = "Validation-impl3",
  title = "The Interplanetary Overlay Network (ION)",
  note  = "http://ion-dtn.sourceforge.net/"
}

@misc{core,
  key = "Validation-tool",
  title = "Common Open Research Emulator (CORE)",
  note = "http://www.nrl.navy.mil/itd/ncs/products/core"
}

@TECHREPORT{snug, 
 title = {Space Networks User's Guide (SNUG)},
 number = {Revision 9},
 INSTITUTION = {Goddard Space Flight Center},
 ADDRESS = {Greenbelt, Maryland}, 
 YEAR = {August 2007},
}
